 @Manual{ckanr,
    title = {ckanr: Client for the Comprehensive Knowledge Archive Network ('CKAN')
API},
    author = {Scott Chamberlain and Imanuel Costigan and Wush Wu and Florian Mayer and Sharla Gelfand},
    year = {2021},
    note = {R package version 0.6.0},
    url = {https://CRAN.R-project.org/package=ckanr},
  }
  
  @Manual{pagedown,
    title = {pagedown: Paginate the HTML Output of R Markdown with CSS for Print},
    author = {Yihui Xie and Romain Lesur and Brent Thorne and Xianying Tan},
    year = {2021},
    note = {R package version 0.16},
    url = {https://CRAN.R-project.org/package=pagedown},
  }
  
  @Manual{shiny,
    title = {shiny: Web Application Framework for R},
    author = {Winston Chang and Joe Cheng and JJ Allaire and Carson Sievert and Barret Schloerke and Yihui Xie and Jeff Allen and Jonathan McPherson and Alan Dipert and Barbara Borges},
    year = {2021},
    note = {R package version 1.7.1},
    url = {https://CRAN.R-project.org/package=shiny},
  }
  
  @Manual{comunicacion,
    title = {comunicacion: DNMyE - Comunicaci√≥n},
    author = {Pablo Tiscornia and Juan Pablo {Ruiz Nicolini}},
    year = {2022},
    note = {R package version 0.0.0.9000},
    url = {https://d4t4tur.github.io/comunicacion},
  }
  
  @Manual{herramientas,
    title = {herramientas: Conjunto de funciones para el procesamiento de datos en la DNMyE},
    author = {Pablo Tiscornia and Juara Juan and Juan Urricariet and Juan Pablo {Ruiz Nicolini}},
    year = {2022},
    note = {R package version 0.0.0.9},
    url = {https://dnme-minturdep.github.io/herramientas/},
  }
  
  @Book{bookdown,
    title = {bookdown: Authoring Books and Technical Documents with {R} Markdown},
    author = {Yihui Xie},
    publisher = {Chapman and Hall/CRC},
    address = {Boca Raton, Florida},
    year = {2016},
    note = {ISBN 978-1138700109},
    url = {https://bookdown.org/yihui/bookdown},
  }
  
  @Manual{distill,
    title = {distill: 'R Markdown' Format for Scientific and Technical Writing},
    author = {JJ Allaire and Rich Iannone and Alison {Presmanes Hill} and Yihui Xie},
    year = {2021},
    note = {R package version 1.3},
    url = {https://CRAN.R-project.org/package=distill},
  }